@INPROCEEDINGS{Magerman95statisticaldecision-tree,
    author = {David M. Magerman},
    title = {Statistical Decision-Tree Models for Parsing},
    booktitle = {In Proceedings of the 33rd Annual Meeting of the Association for Computational Linguistics},
    year = {1995},
    pages = {276--283}
}

@inproceedings{NDCG2000,
    author = {Kalervo Jarvelin and Jaana Kekalainen},
    title = {{IR} Evaluation Methods for Retrieving Highly Relevant Documents},
    booktitle = {SIGIR},
    year = {2000},
    pages = {41--48}
}




@Inbook{Black:1993,
    author = {Black, Ezra W. and Roger Garside and Geoffrey N. Leech}, 
    title = {Statistically-driven computer grammars of English: The IBM/Lancaster approach.},
    series = { Vol. 8. Rodopi},
    year = {1993}
}

@inproceedings{Pantel:2012:MET:2390524.2390603,
 author = {Pantel, Patrick and Lin, Thomas and Gamon, Michael},
 title = {Mining Entity Types from Query Logs via User Intent Modeling},
 booktitle = {Proceedings of the 50th Annual Meeting of the Association for Computational Linguistics: Long Papers - Volume 1},
 series = {ACL '12},
 year = {2012},
 location = {Jeju Island, Korea},
 pages = {563--571},
 numpages = {9},
 url = {http://dl.acm.org/citation.cfm?id=2390524.2390603},
 acmid = {2390603},
 publisher = {Association for Computational Linguistics},
 address = {Stroudsburg, PA, USA},
} 





@inproceedings{Sha:2003:SPC:1073445.1073473,
 author = {Sha, Fei and Pereira, Fernando},
 title = {Shallow Parsing with Conditional Random Fields},
 booktitle = {Proceedings of the 2003 Conference of the North American Chapter of the Association for Computational Linguistics on Human Language Technology - Volume 1},
 series = {NAACL '03},
 year = {2003},
 location = {Edmonton, Canada},
 pages = {134--141},
 numpages = {8},
 url = {http://dx.doi.org/10.3115/1073445.1073473},
 doi = {10.3115/1073445.1073473},
 acmid = {1073473},
 publisher = {Association for Computational Linguistics},
 address = {Stroudsburg, PA, USA},
} 


@inproceedings{Xue:2003:CWS:1119250.1119278,
 author = {Xue, Nianwen and Shen, Libin},
 title = {Chinese Word Segmentation As LMR Tagging},
 booktitle = {Proceedings of the Second SIGHAN Workshop on Chinese Language Processing - Volume 17},
 series = {SIGHAN '03},
 year = {2003},
 location = {Sapporo, Japan},
 pages = {176--179},
 numpages = {4},
 url = {http://dx.doi.org/10.3115/1119250.1119278},
 doi = {10.3115/1119250.1119278},
 acmid = {1119278},
 publisher = {Association for Computational Linguistics},
 address = {Stroudsburg, PA, USA},
} 


@inproceedings{florian2003conll,
   author     = "Radu Florian and Abe Ittycheriah and 
                 Hongyan Jing and Tong Zhang",
   title      = "Named Entity Recognition through Classifier Combination",
   booktitle  = "Proceedings of CoNLL-2003",
   editor     = "Walter Daelemans and Miles Osborne",
   publisher  = "Edmonton, Canada",
   pages      = "168--171",
   year       = "2003"
}


@inproceedings{Ando:2005:HSL:1219840.1219841,
 author = {Ando, Rie Kubota and Zhang, Tong},
 title = {A High-performance Semi-supervised Learning Method for Text Chunking},
 booktitle = {Proceedings of the 43rd Annual Meeting on Association for Computational Linguistics},
 series = {ACL '05},
 year = {2005},
 location = {Ann Arbor, Michigan},
 pages = {1--9},
 numpages = {9},
 url = {http://dx.doi.org/10.3115/1219840.1219841},
 doi = {10.3115/1219840.1219841},
 acmid = {1219841},
 publisher = {Association for Computational Linguistics},
 address = {Stroudsburg, PA, USA},
} 

@inproceedings{TjongKimSang:2003:ICS:1119176.1119195,
 author = {Tjong Kim Sang, Erik F. and De Meulder, Fien},
 title = {Introduction to the CoNLL-2003 Shared Task: Language-independent Named Entity Recognition},
 booktitle = {Proceedings of the Seventh Conference on Natural Language Learning at HLT-NAACL 2003 - Volume 4},
 series = {CONLL '03},
 year = {2003},
 location = {Edmonton, Canada},
 pages = {142--147},
 numpages = {6},
 url = {http://dx.doi.org/10.3115/1119176.1119195},
 doi = {10.3115/1119176.1119195},
 acmid = {1119195},
 publisher = {Association for Computational Linguistics},
 address = {Stroudsburg, PA, USA},
} 


@inproceedings{Richard:2013,
    author = {Socher,Richard and Manning,Chris and Bengio,Yoshua},
    title = {Deep Learning for NLP (without Magic)},
    booktitle = {NAACL 2013 Tutorial},
    url = {http://www.socher.org/index.php/DeepLearningTutorial/DeepLearningTutorial},
    year = {}
}

@inproceedings{collobert:2008,
  title = {A Unified Architecture for Natural Language Processing: Deep Neural Networks with Multitask Learning},
  author = {R. Collobert and J. Weston},
  booktitle = {International Conference on Machine Learning, {ICML}},
  year = {2008}
}

@article{collobert:2011b,
  title = {Natural Language Processing (Almost) from Scratch},
  author = {R. Collobert and J. Weston and L. Bottou and M. Karlen and K. Kavukcuoglu and P. Kuksa},
  journal = {Journal of Machine Learning Research},
  volume = {12},
  pages = {2493--2537},
  year = {2011}
}

@inproceedings{Asahara:2003:JNE:1073445.1073447,
 author = {Asahara, Masayuki and Matsumoto, Yuji},
 title = {Japanese Named Entity Extraction with Redundant Morphological Analysis},
 booktitle = {Proceedings of the 2003 Conference of the North American Chapter of the Association for Computational Linguistics on Human Language Technology - Volume 1},
 series = {NAACL '03},
 year = {2003},
 location = {Edmonton, Canada},
 pages = {8--15},
 numpages = {8},
 url = {http://dx.doi.org/10.3115/1073445.1073447},
 doi = {10.3115/1073445.1073447},
 acmid = {1073447},
 publisher = {Association for Computational Linguistics},
 address = {Stroudsburg, PA, USA},
} 

@Inbook{Shen:NER,
author={Shen, Dan
and Zhang, Jie
and Zhou, Guodong
and Su, Jian
and Tan, Chew-Lim},
chapter="Effective Adaptation of Hidden Markov Model-based Named Entity Recognizer for Biomedical Domain",
title="Proceedings of the ACL 2003 Workshop on Natural Language Processing in Biomedicine",
year="2003",
url="http://aclweb.org/anthology/W03-1307"
}

@inproceedings{Collins:1999,
    author = {Michael Collins and Yoram Singer},
    title = {Unsupervised models for named entity classification},
    booktitle = {  Joint SIGDAT Conference on Empirical Methods in Natural Language Processing and Very Large Corpora },
   year = {1999},
}

@inproceedings{Riloff:1999:LDI:315149.315364,
 author = {Riloff, Ellen and Jones, Rosie},
 title = {Learning Dictionaries for Information Extraction by Multi-level Bootstrapping},
 booktitle = {Proceedings of the Sixteenth National Conference on Artificial Intelligence and the Eleventh Innovative Applications of Artificial Intelligence Conference Innovative Applications of Artificial Intelligence},
 series = {AAAI '99/IAAI '99},
 year = {1999},
 isbn = {0-262-51106-1},
 location = {Orlando, Florida, USA},
 pages = {474--479},
 numpages = {6},
 url = {http://dl.acm.org/citation.cfm?id=315149.315364},
 acmid = {315364},
 publisher = {American Association for Artificial Intelligence},
 address = {Menlo Park, CA, USA},
} 

@inproceedings{Ji:2006:DSS:1641408.1641414,
 author = {Ji, Heng and Grishman, Ralph},
 title = {Data Selection in Semi-supervised Learning for Name Tagging},
 booktitle = {Proceedings of the Workshop on Information Extraction Beyond The Document},
 series = {IEBeyondDoc '06},
 year = {2006},
 isbn = {1-932432-74-4},
 location = {Sydney, Australia},
 pages = {48--55},
 numpages = {8},
 url = {http://dl.acm.org/citation.cfm?id=1641408.1641414},
 acmid = {1641414},
 publisher = {Association for Computational Linguistics},
 address = {Stroudsburg, PA, USA},
} 

@inproceedings{Chieu:2003:NER:1119176.1119199,
 author = {Chieu, Hai Leong and Ng, Hwee Tou},
 title = {Named Entity Recognition with a Maximum Entropy Approach},
 booktitle = {Proceedings of the Seventh Conference on Natural Language Learning at HLT-NAACL 2003 - Volume 4},
 series = {CONLL '03},
 year = {2003},
 location = {Edmonton, Canada},
 pages = {160--163},
 numpages = {4},
 url = {http://dx.doi.org/10.3115/1119176.1119199},
 doi = {10.3115/1119176.1119199},
 acmid = {1119199},
 publisher = {Association for Computational Linguistics},
 address = {Stroudsburg, PA, USA},
} 


@article{Etzioni:2005:UNE:1090483.1090487,
 author = {Etzioni, Oren and Cafarella, Michael and Downey, Doug and Popescu, Ana-Maria and Shaked, Tal and Soderland, Stephen and Weld, Daniel S. and Yates, Alexander},
 title = {Unsupervised Named-entity Extraction from the Web: An Experimental Study},
 journal = {Artif. Intell.},
 issue_date = {June 2005},
 volume = {165},
 number = {1},
 month = jun,
 year = {2005},
 issn = {0004-3702},
 pages = {91--134},
 numpages = {44},
 url = {http://dx.doi.org/10.1016/j.artint.2005.03.001},
 doi = {10.1016/j.artint.2005.03.001},
 acmid = {1090487},
 publisher = {Elsevier Science Publishers Ltd.},
 address = {Essex, UK},
 keywords = {information extraction, pointwise mutual information, question answering, unsupervised},
}

@Inproceedings {Mikolov:2012,
author       = {Tomas Mikolov and Geoffrey Zweig},
booktitle    = {Spoken Language Technologies},
publisher    = {IEEE},
title        = {Context Dependent Recurrent Neural Network Language Model},
url          = {http://research.microsoft.com/apps/pubs/default.aspx?id=176926},
year         = {2012},
}

@MISC{Soong_generalizedword,
    author = {Frank K. Soong and Wai-kit Lo and Satoshi Nakamura},
    title = {GENERALIZED WORD POSTERIOR PROBABILITY (GWPP) FOR MEASURING RELIABILITY OF RECOGNIZED WORDS},
    booktitle = {ICASSP},
    year = {2005}
}



@inproceedings{McCallum:2003:ERN:1119176.1119206,
 author = {McCallum, Andrew and Li, Wei},
 title = {Early Results for Named Entity Recognition with Conditional Random Fields, Feature Induction and Web-enhanced Lexicons},
 booktitle = {Proceedings of the Seventh Conference on Natural Language Learning at HLT-NAACL 2003 - Volume 4},
 series = {CONLL '03},
 year = {2003},
 location = {Edmonton, Canada},
 pages = {188--191},
 numpages = {4},
 url = {http://dx.doi.org/10.3115/1119176.1119206},
 doi = {10.3115/1119176.1119206},
 acmid = {1119206},
 publisher = {Association for Computational Linguistics},
 address = {Stroudsburg, PA, USA},
} 

@inproceedings{Hagen:2012,
 author = {Hagen, Matthias and Potthast, Martin and Beyer, Anna and Stein, Benno},
 title = {Towards optimum query segmentation: in doubt without},
 booktitle = {Proceedings of the 21st ACM international conference on Information and knowledge management},
 series = {CIKM '12},
 year = {2012},
 isbn = {978-1-4503-1156-4},
 location = {Maui, Hawaii, USA},
 pages = {1015--1024},
 numpages = {10},
 url = {http://doi.acm.org/10.1145/2396761.2398398},
 doi = {10.1145/2396761.2398398},
 acmid = {2398398},
 publisher = {ACM},
 address = {New York, NY, USA},
 keywords = {query segmentation},
} 

@inproceedings{Guo:2009:NER,
 author = {Guo, Jiafeng and Xu, Gu and Cheng, Xueqi and Li, Hang},
 title = {Named entity recognition in query},
 booktitle = {Proceedings of the 32nd international ACM SIGIR conference on Research and development in information retrieval},
 series = {SIGIR '09},
 year = {2009},
 isbn = {978-1-60558-483-6},
 location = {Boston, MA, USA},
 pages = {267--274},
 numpages = {8},
 url = {http://doi.acm.org/10.1145/1571941.1571989},
 doi = {10.1145/1571941.1571989},
 acmid = {1571989},
 publisher = {ACM},
 address = {New York, NY, USA},
 keywords = {named entity recognition, topic model},
} 



@article{Friedman:2002,
 author = {Friedman, Jerome H.},
 title = {Stochastic gradient boosting},
 journal = {Comput. Stat. Data Anal.},
 issue_date = {28 February 2002},
 volume = {38},
 number = {4},
 month = feb,
 year = {2002},
 issn = {0167-9473},
 pages = {367--378},
 numpages = {12},
 url = {http://dx.doi.org/10.1016/S0167-9473(01)00065-2},
 doi = {10.1016/S0167-9473(01)00065-2},
 acmid = {635941},
 publisher = {Elsevier Science Publishers B. V.},
 address = {Amsterdam, The Netherlands, The Netherlands},
} 

@inproceedings{Ye:2009,
 author = {Ye, Jerry and Chow, Jyh-Herng and Chen, Jiang and Zheng, Zhaohui},
 title = {Stochastic gradient boosted distributed decision trees},
 booktitle = {Proceedings of the 18th ACM conference on Information and knowledge management},
 series = {CIKM '09},
 year = {2009},
 isbn = {978-1-60558-512-3},
 location = {Hong Kong, China},
 pages = {2061--2064},
 numpages = {4},
 url = {http://doi.acm.org/10.1145/1645953.1646301},
 doi = {10.1145/1645953.1646301},
 acmid = {1646301},
 publisher = {ACM},
 address = {New York, NY, USA},
 keywords = {decision trees, distributed learning, gradient boosting, hadoop, learning to rank, mpi, web search ranking},
} 

@inproceedings{Lafferty:2001,
 author = {Lafferty, John D. and McCallum, Andrew and Pereira, Fernando C. N.},
 title = {Conditional Random Fields: Probabilistic Models for Segmenting and Labeling Sequence Data},
 booktitle = {Proceedings of the Eighteenth International Conference on Machine Learning},
 series = {ICML '01},
 year = {2001},
 isbn = {1-55860-778-1},
 pages = {282--289},
 numpages = {8},
 url = {http://dl.acm.org/citation.cfm?id=645530.655813},
 acmid = {655813},
 publisher = {Morgan Kaufmann Publishers Inc.},
 address = {San Francisco, CA, USA},
} 


@inproceedings{Wong:1996,
 author = {Wong, Pak-kwong and Chan, Chorkin},
 title = {Chinese word segmentation based on maximum matching and word binding force},
 booktitle = {Proceedings of the 16th conference on Computational linguistics - Volume 1},
 series = {COLING '96},
 year = {1996},
 location = {Copenhagen, Denmark},
 pages = {200--203},
 numpages = {4},
 url = {http://dx.doi.org/10.3115/992628.992665},
 doi = {10.3115/992628.992665},
 acmid = {992665},
 publisher = {Association for Computational Linguistics},
 address = {Stroudsburg, PA, USA},
} 


@inproceedings{Ritter:2011,
 author = {Ritter, Alan and Clark, Sam and Mausam and Etzioni, Oren},
 title = {Named entity recognition in tweets: an experimental study},
 booktitle = {Proceedings of the Conference on Empirical Methods in Natural Language Processing},
 series = {EMNLP '11},
 year = {2011},
 isbn = {978-1-937284-11-4},
 location = {Edinburgh, United Kingdom},
 pages = {1524--1534},
 numpages = {11},
 url = {http://dl.acm.org/citation.cfm?id=2145432.2145595},
 acmid = {2145595},
 publisher = {Association for Computational Linguistics},
 address = {Stroudsburg, PA, USA},
} 


@inproceedings{Lin:2012,
 author = {Lin, Thomas and Pantel, Patrick and Gamon, Michael and Kannan, Anitha and Fuxman, Ariel},
 title = {Active objects: actions for entity-centric search},
 booktitle = {Proceedings of the 21st international conference on World Wide Web},
 series = {WWW '12},
 year = {2012},
 isbn = {978-1-4503-1229-5},
 location = {Lyon, France},
 pages = {589--598},
 numpages = {10},
 url = {http://doi.acm.org/10.1145/2187836.2187916},
 doi = {10.1145/2187836.2187916},
 acmid = {2187916},
 publisher = {ACM},
 address = {New York, NY, USA},
 keywords = {actions, active objects, entity-centric search, query log mining, web search},
} 


