@inproceedings{Metzler:2009:ISR:1571941.1572085,
 author = {Metzler, Donald and Jones, Rosie and Peng, Fuchun and Zhang, Ruiqiang},
 title = {Improving Search Relevance for Implicitly Temporal Queries},
 booktitle = {Proceedings of the 32Nd International ACM SIGIR Conference on Research and Development in Information Retrieval},
 series = {SIGIR '09},
 year = {2009},
 isbn = {978-1-60558-483-6},
 location = {Boston, MA, USA},
 pages = {700--701},
 numpages = {2},
 url = {http://doi.acm.org/10.1145/1571941.1572085},
 doi = {10.1145/1571941.1572085},
 acmid = {1572085},
 publisher = {ACM},
 address = {New York, NY, USA},
 keywords = {query log analysis, temporal queries, web search},
} 



@inproceedings{Li:2003:TLM:956863.956951,
 author = {Li, Xiaoyan and Croft, W. Bruce},
 title = {Time-based Language Models},
 booktitle = {Proceedings of the Twelfth International Conference on Information and Knowledge Management},
 series = {CIKM '03},
 year = {2003},
 isbn = {1-58113-723-0},
 location = {New Orleans, LA, USA},
 pages = {469--475},
 numpages = {7},
 url = {http://doi.acm.org/10.1145/956863.956951},
 doi = {10.1145/956863.956951},
 acmid = {956951},
 publisher = {ACM},
 address = {New York, NY, USA},
 keywords = {information retrieval, language models, recency queries, relevance models, time-based language models},
} 


@article{Friedman:2002,
 author = {Friedman, Jerome H.},
 title = {Stochastic gradient boosting},
 journal = {Comput. Stat. Data Anal.},
 issue_date = {28 February 2002},
 volume = {38},
 number = {4},
 month = feb,
 year = {2002},
 issn = {0167-9473},
 pages = {367--378},
 numpages = {12},
 url = {http://dx.doi.org/10.1016/S0167-9473(01)00065-2},
 doi = {10.1016/S0167-9473(01)00065-2},
 acmid = {635941},
 publisher = {Elsevier Science Publishers B. V.},
 address = {Amsterdam, The Netherlands, The Netherlands},
} 

@inproceedings{Ye:2009,
 author = {Ye, Jerry and Chow, Jyh-Herng and Chen, Jiang and Zheng, Zhaohui},
 title = {Stochastic gradient boosted distributed decision trees},
 booktitle = {Proceedings of the 18th ACM conference on Information and knowledge management},
 series = {CIKM '09},
 year = {2009},
 isbn = {978-1-60558-512-3},
 location = {Hong Kong, China},
 pages = {2061--2064},
 numpages = {4},
 url = {http://doi.acm.org/10.1145/1645953.1646301},
 doi = {10.1145/1645953.1646301},
 acmid = {1646301},
 publisher = {ACM},
 address = {New York, NY, USA},
 keywords = {decision trees, distributed learning, gradient boosting, hadoop, learning to rank, mpi, web search ranking},
} 

@ARTICLE{GBDT,
  author = {J.~Friedman},
  title = {Greedy function approximation: a gradient boosting machine},
  journal = {Ann. Statist.},
  year = {2001},
  volume = {29},
  pages = {1189-1232}
}


@article{Agarwal:2013:CRW:2461256.2461277,
 author = {Agarwal, Deepak and Chen, Bee-Chung and Elango, Pradheep and Ramakrishnan, Raghu},
 title = {Content Recommendation on Web Portals},
 journal = {Commun. ACM},
 issue_date = {June 2013},
 volume = {56},
 number = {6},
 month = jun,
 year = {2013},
 issn = {0001-0782},
 pages = {92--101},
 numpages = {10},
 url = {http://doi.acm.org/10.1145/2461256.2461277},
 doi = {10.1145/2461256.2461277},
 acmid = {2461277},
 publisher = {ACM},
 address = {New York, NY, USA},
} 


@inproceedings{Liu:2010:PNR:1719970.1719976,
 author = {Liu, Jiahui and Dolan, Peter and Pedersen, Elin R{\o}nby},
 title = {Personalized News Recommendation Based on Click Behavior},
 booktitle = {Proceedings of the 15th International Conference on Intelligent User Interfaces},
 series = {IUI '10},
 year = {2010},
 isbn = {978-1-60558-515-4},
 location = {Hong Kong, China},
 pages = {31--40},
 numpages = {10},
 url = {http://doi.acm.org/10.1145/1719970.1719976},
 doi = {10.1145/1719970.1719976},
 acmid = {1719976},
 publisher = {ACM},
 address = {New York, NY, USA},
 keywords = {news trend, personalization, user modeling},
} 

@inproceedings{Li:2011:SST:2009916.2009937,
 author = {Li, Lei and Wang, Dingding and Li, Tao and Knox, Daniel and Padmanabhan, Balaji},
 title = {SCENE: A Scalable Two-stage Personalized News Recommendation System},
 booktitle = {Proceedings of the 34th International ACM SIGIR Conference on Research and Development in Information Retrieval},
 series = {SIGIR '11},
 year = {2011},
 isbn = {978-1-4503-0757-4},
 location = {Beijing, China},
 pages = {125--134},
 numpages = {10},
 url = {http://doi.acm.org/10.1145/2009916.2009937},
 doi = {10.1145/2009916.2009937},
 acmid = {2009937},
 publisher = {ACM},
 address = {New York, NY, USA},
 keywords = {multi-level news recommendation, news entity, personalization, submodularity, user profile},
} 


@inproceedings{Garcin:2012:PNR:2457524.2457626,
 author = {Garcin, Florent and Zhou, Kai and Faltings, Boi and Schickel, Vincent},
 title = {Personalized News Recommendation Based on Collaborative Filtering},
 booktitle = {Proceedings of the The 2012 IEEE/WIC/ACM International Joint Conferences on Web Intelligence and Intelligent Agent Technology - Volume 01},
 series = {WI-IAT '12},
 year = {2012},
 isbn = {978-0-7695-4880-7},
 pages = {437--441},
 numpages = {5},
 url = {http://dl.acm.org/citation.cfm?id=2457524.2457626},
 acmid = {2457626},
 publisher = {IEEE Computer Society},
 address = {Washington, DC, USA},
 keywords = {news recommendation, collaborative filtering},
} 

@inproceedings{Garcin:2013:PNR:2507157.2507166,
 author = {Garcin, Florent and Dimitrakakis, Christos and Faltings, Boi},
 title = {Personalized News Recommendation with Context Trees},
 booktitle = {Proceedings of the 7th ACM Conference on Recommender Systems},
 series = {RecSys '13},
 year = {2013},
 isbn = {978-1-4503-2409-0},
 location = {Hong Kong, China},
 pages = {105--112},
 numpages = {8},
 url = {http://doi.acm.org/10.1145/2507157.2507166},
 doi = {10.1145/2507157.2507166},
 acmid = {2507166},
 publisher = {ACM},
 address = {New York, NY, USA},
 keywords = {news, online recommender system, personalization},
} 

@inproceedings{Lin:2012:PPN:2396761.2398482,
 author = {Lin, Chen and Xie, Runquan and Li, Lei and Huang, Zhenhua and Li, Tao},
 title = {PRemiSE: Personalized News Recommendation via Implicit Social Experts},
 booktitle = {Proceedings of the 21st ACM International Conference on Information and Knowledge Management},
 series = {CIKM '12},
 year = {2012},
 isbn = {978-1-4503-1156-4},
 location = {Maui, Hawaii, USA},
 pages = {1607--1611},
 numpages = {5},
 url = {http://doi.acm.org/10.1145/2396761.2398482},
 doi = {10.1145/2396761.2398482},
 acmid = {2398482},
 publisher = {ACM},
 address = {New York, NY, USA},
 keywords = {expert, matrix factorization, news recommendation, social network},
} 

@inproceedings{Jonnalagedda:2013:PNR:2568492.2569235,
 author = {Jonnalagedda, Nirmal and Gauch, Susan},
 title = {Personalized News Recommendation Using Twitter},
 booktitle = {Proceedings of the 2013 IEEE/WIC/ACM International Joint Conferences on Web Intelligence (WI) and Intelligent Agent Technologies (IAT) - Volume 03},
 series = {WI-IAT '13},
 year = {2013},
 isbn = {978-0-7695-5145-6},
 pages = {21--25},
 numpages = {5},
 url = {http://dx.doi.org/10.1109/WI-IAT.2013.144},
 doi = {10.1109/WI-IAT.2013.144},
 acmid = {2569235},
 publisher = {IEEE Computer Society},
 address = {Washington, DC, USA},
 keywords = {personalization, twitter, microblog, recommender, news recommendations},
} 


@inproceedings{Li:2010:CAP:1772690.1772758,
 author = {Li, Lihong and Chu, Wei and Langford, John and Schapire, Robert E.},
 title = {A Contextual-bandit Approach to Personalized News Article Recommendation},
 booktitle = {Proceedings of the 19th International Conference on World Wide Web},
 series = {WWW '10},
 year = {2010},
 isbn = {978-1-60558-799-8},
 location = {Raleigh, North Carolina, USA},
 pages = {661--670},
 numpages = {10},
 url = {http://doi.acm.org/10.1145/1772690.1772758},
 doi = {10.1145/1772690.1772758},
 acmid = {1772758},
 publisher = {ACM},
 address = {New York, NY, USA},
 keywords = {contextual bandit, exploration/exploitation dilemma, personalization, recommender systems, web service},
} 


@inproceedings{Yue:2014:PCC:2566486.2567991,
 author = {Yue, Yisong and Wang, Chong and El-Arini, Khalid and Guestrin, Carlos},
 title = {Personalized Collaborative Clustering},
 booktitle = {Proceedings of the 23rd International Conference on World Wide Web},
 series = {WWW '14},
 year = {2014},
 isbn = {978-1-4503-2744-2},
 location = {Seoul, Korea},
 pages = {75--84},
 numpages = {10},
 url = {http://dx.doi.org/10.1145/2566486.2567991},
 doi = {10.1145/2566486.2567991},
 acmid = {2567991},
 publisher = {International World Wide Web Conferences Steering Committee},
 address = {Republic and Canton of Geneva, Switzerland},
 keywords = {clustering, personalization, tensor factorization},
} 

@inproceedings{Nguyen:2014:EFB:2566486.2568012,
 author = {Nguyen, Tien T. and Hui, Pik-Mai and Harper, F. Maxwell and Terveen, Loren and Konstan, Joseph A.},
 title = {Exploring the Filter Bubble: The Effect of Using Recommender Systems on Content Diversity},
 booktitle = {Proceedings of the 23rd International Conference on World Wide Web},
 series = {WWW '14},
 year = {2014},
 isbn = {978-1-4503-2744-2},
 location = {Seoul, Korea},
 pages = {677--686},
 numpages = {10},
 url = {http://dx.doi.org/10.1145/2566486.2568012},
 doi = {10.1145/2566486.2568012},
 acmid = {2568012},
 publisher = {International World Wide Web Conferences Steering Committee},
 address = {Republic and Canton of Geneva, Switzerland},
 keywords = {content diversity, filter bubble, longitudinal data, recommender systems, user experience},
} 

@article{Lika:2014:FCS:2560969.2562494,
 author = {Lika, Blerina and Kolomvatsos, Kostas and Hadjiefthymiades, Stathes},
 title = {Facing the Cold Start Problem in Recommender Systems},
 journal = {Expert Syst. Appl.},
 issue_date = {March, 2014},
 volume = {41},
 number = {4},
 month = mar,
 year = {2014},
 issn = {0957-4174},
 pages = {2065--2073},
 numpages = {9},
 url = {http://dx.doi.org/10.1016/j.eswa.2013.09.005},
 doi = {10.1016/j.eswa.2013.09.005},
 acmid = {2562494},
 publisher = {Pergamon Press, Inc.},
 address = {Tarrytown, NY, USA},
 keywords = {Cold start problem, Recommender systems},
} 

@inproceedings{Agarwal:2013:RIU:2512875.2517150,
 author = {Agarwal, Deepak},
 title = {Recommending Items to Users: An Explore/Exploit Perspective},
 booktitle = {Proceedings of the 1st Workshop on User Engagement Optimization},
 series = {UEO '13},
 year = {2013},
 isbn = {978-1-4503-2421-2},
 location = {San Francisco, California, USA},
 pages = {1--2},
 numpages = {2},
 url = {http://doi.acm.org/10.1145/2512875.2517150},
 doi = {10.1145/2512875.2517150},
 acmid = {2517150},
 publisher = {ACM},
 address = {New York, NY, USA},
 keywords = {personalization, recommender systems, user engagement},
} 

@inproceedings{Ostrikov:2013:UGM:2507157.2507201,
 author = {Ostrikov, Alexander and Rokach, Lior and Shapira, Bracha},
 title = {Using Geospatial Metadata to Boost Collaborative Filtering},
 booktitle = {Proceedings of the 7th ACM Conference on Recommender Systems},
 series = {RecSys '13},
 year = {2013},
 isbn = {978-1-4503-2409-0},
 location = {Hong Kong, China},
 pages = {423--426},
 numpages = {4},
 url = {http://doi.acm.org/10.1145/2507157.2507201},
 doi = {10.1145/2507157.2507201},
 acmid = {2507201},
 publisher = {ACM},
 address = {New York, NY, USA},
 keywords = {boosting, geo-spatial, sparsity},
} 

@inproceedings{Jie:2013:USF:2487575.2488198,
 author = {Jie, Luo and Lamkhede, Sudarshan and Sapra, Rochit and Hsu, Evans and Song, Helen and Chang, Yi},
 title = {A Unified Search Federation System Based on Online User Feedback},
 booktitle = {Proceedings of the 19th ACM SIGKDD International Conference on Knowledge Discovery and Data Mining},
 series = {KDD '13},
 year = {2013},
 isbn = {978-1-4503-2174-7},
 location = {Chicago, Illinois, USA},
 pages = {1195--1203},
 numpages = {9},
 url = {http://doi.acm.org/10.1145/2487575.2488198},
 doi = {10.1145/2487575.2488198},
 acmid = {2488198},
 publisher = {ACM},
 address = {New York, NY, USA},
 keywords = {information retrieval, machine learning, search federation},
} 




@inproceedings{Sarwar:2001:ICF:371920.372071,
 author = {Sarwar, Badrul and Karypis, George and Konstan, Joseph and Riedl, John},
 title = {Item-based Collaborative Filtering Recommendation Algorithms},
 booktitle = {Proceedings of the 10th International Conference on World Wide Web},
 series = {WWW '01},
 year = {2001},
 isbn = {1-58113-348-0},
 location = {Hong Kong, Hong Kong},
 pages = {285--295},
 numpages = {11},
 url = {http://doi.acm.org/10.1145/371920.372071},
 doi = {10.1145/371920.372071},
 acmid = {372071},
 publisher = {ACM},
 address = {New York, NY, USA},
} 

@inproceedings{Wang:2006:UUI:1148170.1148257,
 author = {Wang, Jun and de Vries, Arjen P. and Reinders, Marcel J. T.},
 title = {Unifying User-based and Item-based Collaborative Filtering Approaches by Similarity Fusion},
 booktitle = {Proceedings of the 29th Annual International ACM SIGIR Conference on Research and Development in Information Retrieval},
 series = {SIGIR '06},
 year = {2006},
 isbn = {1-59593-369-7},
 location = {Seattle, Washington, USA},
 pages = {501--508},
 numpages = {8},
 url = {http://doi.acm.org/10.1145/1148170.1148257},
 doi = {10.1145/1148170.1148257},
 acmid = {1148257},
 publisher = {ACM},
 address = {New York, NY, USA},
 keywords = {collaborative filtering, recommender systems, similarity fusion, smoothing},
} 


@inproceedings{Agarwal:2009:ESW:1674659.1677012,
 author = {Agarwal, Deepak and Chen, Bee-Chung and Elango, Pradheep},
 title = {Explore/Exploit Schemes for Web Content Optimization},
 booktitle = {Proceedings of the 2009 Ninth IEEE International Conference on Data Mining},
 series = {ICDM '09},
 year = {2009},
 isbn = {978-0-7695-3895-2},
 pages = {1--10},
 numpages = {10},
 url = {http://dx.doi.org/10.1109/ICDM.2009.52},
 doi = {10.1109/ICDM.2009.52},
 acmid = {1677012},
 publisher = {IEEE Computer Society},
 address = {Washington, DC, USA},
 keywords = {multi-armed bandits, web application, content scheduling, Bayes optimal},
} 

@inproceedings{Agarwal:2011:CSO:2020408.2020435,
 author = {Agarwal, Deepak and Chen, Bee-Chung and Elango, Pradheep and Wang, Xuanhui},
 title = {Click Shaping to Optimize Multiple Objectives},
 booktitle = {Proceedings of the 17th ACM SIGKDD International Conference on Knowledge Discovery and Data Mining},
 series = {KDD '11},
 year = {2011},
 isbn = {978-1-4503-0813-7},
 location = {San Diego, California, USA},
 pages = {132--140},
 numpages = {9},
 url = {http://doi.acm.org/10.1145/2020408.2020435},
 doi = {10.1145/2020408.2020435},
 acmid = {2020435},
 publisher = {ACM},
 address = {New York, NY, USA},
 keywords = {click shaping, constrained optimization, multi-objective},
} 

@article{Linden:2003:ARI:642462.642471,
 author = {Linden, Greg and Smith, Brent and York, Jeremy},
 title = {Amazon.Com Recommendations: Item-to-Item Collaborative Filtering},
 journal = {IEEE Internet Computing},
 issue_date = {January 2003},
 volume = {7},
 number = {1},
 month = jan,
 year = {2003},
 issn = {1089-7801},
 pages = {76--80},
 numpages = {5},
 url = {http://dx.doi.org/10.1109/MIC.2003.1167344},
 doi = {10.1109/MIC.2003.1167344},
 acmid = {642471},
 publisher = {IEEE Educational Activities Department},
 address = {Piscataway, NJ, USA},
} 


@inproceedings{Li:2011:UOE:1935826.1935878,
 author = {Li, Lihong and Chu, Wei and Langford, John and Wang, Xuanhui},
 title = {Unbiased Offline Evaluation of Contextual-bandit-based News Article Recommendation Algorithms},
 booktitle = {Proceedings of the Fourth ACM International Conference on Web Search and Data Mining},
 series = {WSDM '11},
 year = {2011},
 isbn = {978-1-4503-0493-1},
 location = {Hong Kong, China},
 pages = {297--306},
 numpages = {10},
 url = {http://doi.acm.org/10.1145/1935826.1935878},
 doi = {10.1145/1935826.1935878},
 acmid = {1935878},
 publisher = {ACM},
 address = {New York, NY, USA},
 keywords = {benchmark dataset, contextual bandit, multi-armed bandit, offline evaluation, recommendation},
} 

@inproceedings{Lv:2011:LMR:1963405.1963417,
 author = {Lv, Yuanhua and Moon, Taesup and Kolari, Pranam and Zheng, Zhaohui and Wang, Xuanhui and Chang, Yi},
 title = {Learning to Model Relatedness for News Recommendation},
 booktitle = {Proceedings of the 20th International Conference on World Wide Web},
 series = {WWW '11},
 year = {2011},
 isbn = {978-1-4503-0632-4},
 location = {Hyderabad, India},
 pages = {57--66},
 numpages = {10},
 url = {http://doi.acm.org/10.1145/1963405.1963417},
 doi = {10.1145/1963405.1963417},
 acmid = {1963417},
 publisher = {ACM},
 address = {New York, NY, USA},
 keywords = {connection clarity, learning, novelty, post-click news recommendation, relatedness, relevance, transition smoothness},
} 

@inproceedings{Das:2007:GNP:1242572.1242610,
 author = {Das, Abhinandan S. and Datar, Mayur and Garg, Ashutosh and Rajaram, Shyam},
 title = {Google News Personalization: Scalable Online Collaborative Filtering},
 booktitle = {Proceedings of the 16th International Conference on World Wide Web},
 series = {WWW '07},
 year = {2007},
 isbn = {978-1-59593-654-7},
 location = {Banff, Alberta, Canada},
 pages = {271--280},
 numpages = {10},
 url = {http://doi.acm.org/10.1145/1242572.1242610},
 doi = {10.1145/1242572.1242610},
 acmid = {1242610},
 publisher = {ACM},
 address = {New York, NY, USA},
 keywords = {Google news, PLSI, mapreduce, minhash, oneline recommendation system, personalization, scalable collaborative filtering},
} 



@inproceedings{Dong:2010:TRR:1718487.1718490,
 author = {Dong, Anlei and Chang, Yi and Zheng, Zhaohui and Mishne, Gilad and Bai, Jing and Zhang, Ruiqiang and Buchner, Karolina and Liao, Ciya and Diaz, Fernando},
 title = {Towards Recency Ranking in Web Search},
 booktitle = {Proceedings of the Third ACM International Conference on Web Search and Data Mining},
 series = {WSDM '10},
 year = {2010},
 isbn = {978-1-60558-889-6},
 location = {New York, New York, USA},
 pages = {11--20},
 numpages = {10},
 url = {http://doi.acm.org/10.1145/1718487.1718490},
 doi = {10.1145/1718487.1718490},
 acmid = {1718490},
 publisher = {ACM},
 address = {New York, NY, USA},
 keywords = {recency ranking, recency sensitive query classification, temporal},
} 


@article{Koren:2009:MFT:1608565.1608614,
 author = {Koren, Yehuda and Bell, Robert and Volinsky, Chris},
 title = {Matrix Factorization Techniques for Recommender Systems},
 journal = {Computer},
 issue_date = {August 2009},
 volume = {42},
 number = {8},
 month = aug,
 year = {2009},
 issn = {0018-9162},
 pages = {30--37},
 numpages = {8},
 url = {http://dx.doi.org/10.1109/MC.2009.263},
 doi = {10.1109/MC.2009.263},
 acmid = {1608614},
 publisher = {IEEE Computer Society Press},
 address = {Los Alamitos, CA, USA},
 keywords = {Computational intelligence, Computational intelligence, Netflix Prize, Matrix factorization, Matrix factorization, Netflix Prize},
} 

@article{Broder:2002:TWS:792550.792552,
 author = {Broder, Andrei},
 title = {A Taxonomy of Web Search},
 journal = {SIGIR Forum},
 issue_date = {Fall 2002},
 volume = {36},
 number = {2},
 month = sep,
 year = {2002},
 issn = {0163-5840},
 pages = {3--10},
 numpages = {8},
 url = {http://doi.acm.org/10.1145/792550.792552},
 doi = {10.1145/792550.792552},
 acmid = {792552},
 publisher = {ACM},
 address = {New York, NY, USA},
} 

@inproceedings{Sun:2002:WCU:584931.584952,
 author = {Sun, Aixin and Lim, Ee-Peng and Ng, Wee-Keong},
 title = {Web Classification Using Support Vector Machine},
 booktitle = {Proceedings of the 4th International Workshop on Web Information and Data Management},
 series = {WIDM '02},
 year = {2002},
 isbn = {1-58113-593-9},
 location = {McLean, Virginia, USA},
 pages = {96--99},
 numpages = {4},
 url = {http://doi.acm.org/10.1145/584931.584952},
 doi = {10.1145/584931.584952},
 acmid = {584952},
 publisher = {ACM},
 address = {New York, NY, USA},
 keywords = {SVM, web classification, web mining},
} 

@inproceedings{Calado:2003:CLC:956863.956938,
 author = {Calado, P\'{a}vel and Cristo, Marco and Moura, Edleno and Ziviani, Nivio and Ribeiro-Neto, Berthier and Gon\c{c}alves, Marcos Andr{\'e}},
 title = {Combining Link-based and Content-based Methods for Web Document Classification},
 booktitle = {Proceedings of the Twelfth International Conference on Information and Knowledge Management},
 series = {CIKM '03},
 year = {2003},
 isbn = {1-58113-723-0},
 location = {New Orleans, LA, USA},
 pages = {394--401},
 numpages = {8},
 url = {http://doi.acm.org/10.1145/956863.956938},
 doi = {10.1145/956863.956938},
 acmid = {956938},
 publisher = {ACM},
 address = {New York, NY, USA},
 keywords = {Bayesian networks, classification, link analysis, web},
} 

 


