@inproceedings{Finkel:2005:INI:1219840.1219885,
 author = {Finkel, Jenny Rose and Grenager, Trond and Manning, Christopher},
 title = {Incorporating Non-local Information into Information Extraction Systems by Gibbs Sampling},
 booktitle = {Proceedings of the 43rd Annual Meeting on Association for Computational Linguistics},
 series = {ACL '05},
 year = {2005},
 location = {Ann Arbor, Michigan},
 pages = {363--370},
 numpages = {8},
 url = {http://dx.doi.org/10.3115/1219840.1219885},
 doi = {10.3115/1219840.1219885},
 acmid = {1219885},
 publisher = {Association for Computational Linguistics},
 address = {Stroudsburg, PA, USA},
} 

@inproceedings{Hagen:2012,
 author = {Hagen, Matthias and Potthast, Martin and Beyer, Anna and Stein, Benno},
 title = {Towards optimum query segmentation: in doubt without},
 booktitle = {Proceedings of the 21st ACM international conference on Information and knowledge management},
 series = {CIKM '12},
 year = {2012},
 isbn = {978-1-4503-1156-4},
 location = {Maui, Hawaii, USA},
 pages = {1015--1024},
 numpages = {10},
 url = {http://doi.acm.org/10.1145/2396761.2398398},
 doi = {10.1145/2396761.2398398},
 acmid = {2398398},
 publisher = {ACM},
 address = {New York, NY, USA},
 keywords = {query segmentation},
} 

@inproceedings{Guo:2009:NER,
 author = {Guo, Jiafeng and Xu, Gu and Cheng, Xueqi and Li, Hang},
 title = {Named entity recognition in query},
 booktitle = {Proceedings of the 32nd international ACM SIGIR conference on Research and development in information retrieval},
 series = {SIGIR '09},
 year = {2009},
 isbn = {978-1-60558-483-6},
 location = {Boston, MA, USA},
 pages = {267--274},
 numpages = {8},
 url = {http://doi.acm.org/10.1145/1571941.1571989},
 doi = {10.1145/1571941.1571989},
 acmid = {1571989},
 publisher = {ACM},
 address = {New York, NY, USA},
 keywords = {named entity recognition, topic model},
} 



@article{Friedman:2002,
 author = {Friedman, Jerome H.},
 title = {Stochastic gradient boosting},
 journal = {Comput. Stat. Data Anal.},
 issue_date = {28 February 2002},
 volume = {38},
 number = {4},
 month = feb,
 year = {2002},
 issn = {0167-9473},
 pages = {367--378},
 numpages = {12},
 url = {http://dx.doi.org/10.1016/S0167-9473(01)00065-2},
 doi = {10.1016/S0167-9473(01)00065-2},
 acmid = {635941},
 publisher = {Elsevier Science Publishers B. V.},
 address = {Amsterdam, The Netherlands, The Netherlands},
} 

@inproceedings{Ye:2009,
 author = {Ye, Jerry and Chow, Jyh-Herng and Chen, Jiang and Zheng, Zhaohui},
 title = {Stochastic gradient boosted distributed decision trees},
 booktitle = {Proceedings of the 18th ACM conference on Information and knowledge management},
 series = {CIKM '09},
 year = {2009},
 isbn = {978-1-60558-512-3},
 location = {Hong Kong, China},
 pages = {2061--2064},
 numpages = {4},
 url = {http://doi.acm.org/10.1145/1645953.1646301},
 doi = {10.1145/1645953.1646301},
 acmid = {1646301},
 publisher = {ACM},
 address = {New York, NY, USA},
 keywords = {decision trees, distributed learning, gradient boosting, hadoop, learning to rank, mpi, web search ranking},
} 

@inproceedings{Lafferty:2001,
 author = {Lafferty, John D. and McCallum, Andrew and Pereira, Fernando C. N.},
 title = {Conditional Random Fields: Probabilistic Models for Segmenting and Labeling Sequence Data},
 booktitle = {Proceedings of the Eighteenth International Conference on Machine Learning},
 series = {ICML '01},
 year = {2001},
 isbn = {1-55860-778-1},
 pages = {282--289},
 numpages = {8},
 url = {http://dl.acm.org/citation.cfm?id=645530.655813},
 acmid = {655813},
 publisher = {Morgan Kaufmann Publishers Inc.},
 address = {San Francisco, CA, USA},
} 


@inproceedings{Wong:1996,
 author = {Wong, Pak-kwong and Chan, Chorkin},
 title = {Chinese word segmentation based on maximum matching and word binding force},
 booktitle = {Proceedings of the 16th conference on Computational linguistics - Volume 1},
 series = {COLING '96},
 year = {1996},
 location = {Copenhagen, Denmark},
 pages = {200--203},
 numpages = {4},
 url = {http://dx.doi.org/10.3115/992628.992665},
 doi = {10.3115/992628.992665},
 acmid = {992665},
 publisher = {Association for Computational Linguistics},
 address = {Stroudsburg, PA, USA},
} 


@inproceedings{Ritter:2011,
 author = {Ritter, Alan and Clark, Sam and Mausam and Etzioni, Oren},
 title = {Named entity recognition in tweets: an experimental study},
 booktitle = {Proceedings of the Conference on Empirical Methods in Natural Language Processing},
 series = {EMNLP '11},
 year = {2011},
 isbn = {978-1-937284-11-4},
 location = {Edinburgh, United Kingdom},
 pages = {1524--1534},
 numpages = {11},
 url = {http://dl.acm.org/citation.cfm?id=2145432.2145595},
 acmid = {2145595},
 publisher = {Association for Computational Linguistics},
 address = {Stroudsburg, PA, USA},
} 


@inproceedings{Lin:2012,
 author = {Lin, Thomas and Pantel, Patrick and Gamon, Michael and Kannan, Anitha and Fuxman, Ariel},
 title = {Active objects: actions for entity-centric search},
 booktitle = {Proceedings of the 21st international conference on World Wide Web},
 series = {WWW '12},
 year = {2012},
 isbn = {978-1-4503-1229-5},
 location = {Lyon, France},
 pages = {589--598},
 numpages = {10},
 url = {http://doi.acm.org/10.1145/2187836.2187916},
 doi = {10.1145/2187836.2187916},
 acmid = {2187916},
 publisher = {ACM},
 address = {New York, NY, USA},
 keywords = {actions, active objects, entity-centric search, query log mining, web search},
} 

