@inproceedings{Finkel:2005:INI:1219840.1219885,
 author = {Finkel, Jenny Rose and Grenager, Trond and Manning, Christopher},
 title = {Incorporating Non-local Information into Information Extraction Systems by Gibbs Sampling},
 booktitle = {Proceedings of the 43rd Annual Meeting on Association for Computational Linguistics},
 series = {ACL '05},
 year = {2005},
 location = {Ann Arbor, Michigan},
 pages = {363--370},
 numpages = {8},
 url = {http://dx.doi.org/10.3115/1219840.1219885},
 doi = {10.3115/1219840.1219885},
 acmid = {1219885},
 publisher = {Association for Computational Linguistics},
 address = {Stroudsburg, PA, USA},
} 



@inproceedings{gurutalk2015,
  author = {},
  title = {Yahoo internal Gemini guru talk 2015, https://docs.google.com/ spreadsheets/d/ 1b7MxUA0rIVZwq\_KongrRLDYe5g\_qqI7Yc4ruQKU17Us/ edit\#gid=0},
}

@inproceedings{Rosie:2003,
  author = {Rosie Jones and Daniel C. Fain.},
  title = { Query word deletion prediction.},
  booktitle = {  SIGIR '03},
}

@inproceedings{Rosie:2007,
 author = {Rosie Jones and Benjamin Rey and Omid Madani and Wiley Greiner},
 title = {Generating query substitutions.},
 booktitle = {WWW'07},
}
