@ARTICLE{Bonacich1972,
    author = {P. Bonacich},
    title =        "Factoring and weighting approaches to clique identification.",
    journal =      "Journal of Mathematical Sociology",
    year =         "1972",
    volume =       "2",
    pages =        "113--120"
}


@ARTICLE{Brin1998,
  author =       "S. Brin and L. Page",
  title =        "The anatomy of a large-scale hypertextual web search engine",
  journal =      "Proceedings of International Conference on World Wide Web",
  year =         "1998",
  volume =       "",
  number =       "",
  pages =        "",
  month =        "",
  note =         "",
  abstract =     "",
  keywords =     "",
  source =       "",
  file = F
}


@inproceedings{Nie05object-levelranking,
    author = {Zaiqing Nie and Yuanzhi Zhang and Ji-rong Wen and Wei-ying Ma},
    title = {Object-Level Ranking: Bringing Order to Web Objects},
    booktitle = {World Wide Web Conference (WWW)},
    year = {2005}
}

@inproceedings{Vercoustre-entityranking08,
 author = {Vercoustre, Anne-Marie and Thom, James A. and Pehcevski, Jovan},
 title = {Entity ranking in Wikipedia},
 booktitle = {SAC '08: Proceedings of the 2008 ACM symposium on Applied computing},
 year = {2008},
 isbn = {978-1-59593-753-7},
 pages = {1101--1106},
 location = {Fortaleza, Ceara, Brazil},
 publisher = {ACM},
 address = {New York, NY, USA},
}

@inproceedings{Cheng07entityrank:searching,
    author = {Tao Cheng and Xifeng Yan and Kevin Chenchuan Chang},
    title = {Entityrank: Searching entities directly and holistically},
    booktitle = {International Conference on Very Large Databases (VLDB)},
    year = {2007},
    pages = {387--398}
}

@inproceedings{He10xhrank,
    author = {Xin He and Mark Baker},
    title = {{XHRank}: Ranking Entities on the Semantic Web},
    booktitle = {International Semantic Web Conference (ISWC)},
    year = {2007},
    pages = {387--398}
}

@inproceedings{Jin08SocialNetworkEntityRank,
    author = {Yingzi Jin and Yutaka Matsuo and Mitsuru Ishizuka},
    title = {Ranking Entities on the Web using Social Network Mining and Ranking Learning},
    booktitle = {World Wide Web Conference (WWW)},
    year = {2008}
}

@inproceedings{DemartiniModelRankingEntities08,
    author = {Gianluca Demartini and Claudiu S. Firan and Tereza Iofciu and Ralf Krestel and Wolfgang Nejdl},
    title = {A Model for Ranking Entities and Its Application to Wikipedia},
    booktitle = {Latin American Web Conference (LA-WEB)},
    year = {2008}
}

@article{DemartiniCategoryRanking08,
    author = {Gianluca Demartini, Paul-Alexandru Chirita, Ingo Brunkhorst and Wolfgang Nejdl},
    title = {Ranking Categories for Web Search},
    journal = {Advances in Information Retrieval: Lecture Notes in Computer Science},
    year = {2008}
}


@article{skowron2006a,
  title={Effectiveness of Combined Features for Machine Learning Based Question Classification},
  author={Marcin Skowron and Kenji Araki},
  journal={Information and Media Technologies},
  volume={1},
  number={1},
  pages={461-481},
  year={2006}
}

@inproceedings{icsc2010VanZwol,
  author    = {Roelof van Zwol and
               Lluis Garcia Pueyo and
               Mridul Muralidharan and
               B{\"o}rkur Sigurbj{\"o}rnsson},
  title     = {Ranking Entity Facets based on User Click Feedback},
  booktitle = {Fourth IEEE International Conference on Semantic Computing (IEEE ICSC2010)},
  year      = {2010},
  month = {September},
  address = {Pittsburgh, PA, USA}
}

@inproceedings{MLRankingFacetsSIGIR10,
  author    = {Roelof van Zwol and
               Lluis Garcia Pueyo and
               Mridul Muralidharan and
               B{\"o}rkur Sigurbj{\"o}rnsson},
  title     = {Machine learned ranking of entity facets},
  booktitle = {SIGIR},
  year      = {2010},
  pages     = {879-880},
}



@inproceedings{FacetedImageSearchWWW2010,
  author    = {Roelof van Zwol and
               B{\"o}rkur Sigurbj{\"o}rnsson and
               Ramu Adapala and
               Lluis Garcia Pueyo and
               Abhinav Katiyar and
               Kaushal Kurapati and
               Mridul Muralidharan and
               Sudar Muthu and
               Vanessa Murdock and
               Polly Ng and
               Anand Ramani and
               Anuj Sahai and
               Sriram Thiru Sathish and
               Hari Vasudev and
               Upendra Vuyyuru},
  title     = {Faceted exploration of image search results},
  booktitle = {WWW},
  year      = {2010},
  pages     = {961-970},
}


@inproceedings{PoundMZ10AdhocObjectRetrieval,
  author    = {Jeffrey Pound and
               Peter Mika and
               Hugo Zaragoza},
  title     = {Ad-hoc object retrieval in the web of data},
  booktitle = {WWW},
  year      = {2010},
  pages     = {771-780},
}

@incollection{ZheZhaZha07,
 title = {A General Boosting Method and its Application to Learning Ranking Functions for Web Search},
 author = {Z. Zheng and H. Zha and T. Zhang and O. Chapelle and K. Chen and G. Sun},
 booktitle = {Advances in Neural Information Processing Systems 20},
 publisher = {MIT Press},
 pages = {1697--1704},
 year = {2008}
}

@ARTICLE{Joachims2007,
  author = {T. Joachims and L. Granka and B. Pan and H. Hembrooke and F. Radlinski
	and G. Gay},
  title = {Evaluating the Accuracy of Implicit Feedback from Clicks and Query
	Reformulations in Web Search},
  journal = {ACM Transactions on Information Systems (TOIS)},
  year = {2007},
  volume = {25(2)},
  owner = {gdupret},
  timestamp = {2007.10.29}
}


@inproceedings{BurgesSRLDHH05,
  author    = {Christopher J. C. Burges and
               Tal Shaked and
               Erin Renshaw and
               Ari Lazier and
               Matt Deeds and
               Nicole Hamilton and
               Gregory N. Hullender},
  title     = {Learning to rank using gradient descent},
  booktitle = {ICML},
  year      = {2005},
  pages     = {89-96},
}


@ARTICLE{GBDT,
  author = {J.~Friedman},
  title = {Greedy function approximation: a gradient boosting machine},
  journal = {Ann. Statist.},
  year = {2001},
  volume = {29},
  pages = {1189-1232}
}

@InProceedings{Chapelle09,
  author =       {O. Chapelle and Y. Zhang},
  title =        {A dynamic bayesian network click model for web search ranking},
  booktitle = {Proceedings of the 18th international conference on World Wide Web (WWW)},
  pages =        {1--10},
  year =         2009
}

@InProceedings{Dupret10,
  author =       {G. Dupret and C. Liao},
  title =        {Cumulated relevance: A model to estimate document relevance from the clickthrough logs of a web search engine},
  booktitle = {Proceedings of the third International ACM Conference on Web Search and Data Mining (WSDM)},
  year =         2010
}

@inproceedings{NDCG2000,
    author = {Kalervo Jarvelin and Jaana Kekalainen},
    title = {{IR} Evaluation Methods for Retrieving Highly Relevant Documents},
    booktitle = {SIGIR},
    year = {2000},
    pages = {41--48}
}
